time,price,qty,side
2026-02-22 05:20:55.884286165,1972.11,0.009491,buy
2026-02-22 05:20:58.595020294,1972.11,0.01909755,buy
2026-02-22 05:21:49.953605175,1972.1,0.01873335,buy
2026-02-22 05:23:09.839990854,1973.0,0.00676263,buy
2026-02-22 05:23:09.839990854,1973.0,0.00260973,buy
2026-02-22 05:23:22.079691172,1973.0,0.00101368,buy
2026-02-22 05:25:18.810296297,1973.0,2.21204309,buy
2026-02-22 05:25:18.811229706,1973.0,0.19188251,buy
2026-02-22 05:25:18.813829660,1973.0,0.11161175,buy
2026-02-22 05:25:18.814070702,1973.0,0.48446265,buy
2026-02-22 05:25:18.814070702,1973.0,0.03362813,buy
2026-02-22 05:25:24.659089327,1973.95,0.02495432,buy
2026-02-22 05:25:30.181369066,1973.94,0.01079291,buy
2026-02-22 05:25:50.726321220,1974.06,0.36062376,buy
2026-02-22 05:25:58.446958303,1974.06,0.00707701,buy
2026-02-22 05:26:08.571331739,1973.55,0.44882766,sell
2026-02-22 05:26:08.571331739,1973.55,0.57696932,sell
2026-02-22 05:26:49.399471760,1973.08,0.03535051,buy
2026-02-22 05:26:56.201952696,1973.08,0.05919087,buy
2026-02-22 05:27:41.861484528,1973.08,0.013861,buy
2026-02-22 05:30:31.498655081,1973.08,0.00496884,buy
2026-02-22 05:30:42.668845654,1973.48,0.01008601,buy
2026-02-22 05:30:44.035603523,1973.48,0.00199692,buy
2026-02-22 05:31:02.109107733,1973.29,0.001,buy
2026-02-22 05:31:40.041282892,1973.08,0.00324761,buy
2026-02-22 05:31:42.822901964,1973.08,0.15314871,buy
2026-02-22 05:31:42.822901964,1973.08,1.34116624,buy
2026-02-22 05:31:48.530656099,1973.07,0.44034805,sell
2026-02-22 05:31:48.530656099,1973.07,0.33806072,sell
2026-02-22 05:31:48.530656099,1973.07,0.00506825,sell
2026-02-22 05:31:48.530656099,1972.79,0.15822431,sell
2026-02-22 05:31:48.530656099,1972.77,0.56804606,sell
2026-02-22 05:31:48.530656099,1972.76,0.41254737,sell
2026-02-22 05:32:10.895885229,1973.0,0.06054875,buy
2026-02-22 05:32:12.031272650,1973.0,0.03763681,buy
2026-02-22 05:32:42.866156816,1972.99,0.00467895,buy
2026-02-22 05:34:10.605676651,1972.41,0.00185235,buy
2026-02-22 05:34:13.909683943,1972.4,0.00101368,sell
2026-02-22 05:34:21.477393389,1972.41,0.24960318,buy
2026-02-22 05:34:41.347252846,1972.41,0.09486092,buy
2026-02-22 05:34:55.677704334,1972.28,0.01204222,buy
2026-02-22 05:34:58.058530092,1972.27,0.02063612,sell
2026-02-22 05:37:01.089702129,1972.29,0.03664194,buy
2026-02-22 05:37:01.089702129,1972.29,2.12335806,buy
2026-02-22 05:37:01.396287203,1972.29,0.00246727,buy
2026-02-22 05:37:03.227823496,1972.29,0.2139975,buy
2026-02-22 05:37:14.334578514,1972.29,0.0100401,buy
2026-02-22 05:37:35.771372318,1972.29,0.020281,buy
2026-02-22 05:37:37.099277496,1972.29,0.00123364,buy
2026-02-22 05:37:47.751669884,1972.29,0.038,buy
2026-02-22 05:37:57.781191826,1972.29,0.00592639,buy
2026-02-22 05:37:58.038329601,1972.29,0.00125501,buy
2026-02-22 05:38:18.044259310,1972.29,0.00499532,buy
2026-02-22 05:38:32.623085260,1972.29,0.02458618,buy
2026-02-22 05:38:49.706597567,1972.29,0.03154178,buy
2026-02-22 05:39:12.076382399,1972.29,0.00756753,buy
2026-02-22 05:39:18.030980587,1972.29,0.00497083,buy
2026-02-22 05:39:56.289252043,1972.29,0.28918942,buy
2026-02-22 05:39:59.106556654,1972.28,0.00465748,sell
2026-02-22 05:40:11.030032158,1972.29,0.12457613,buy
2026-02-22 05:41:56.426241636,1972.28,0.00549443,sell
2026-02-22 05:42:51.748317242,1972.29,0.06168185,buy
2026-02-22 05:42:55.230683088,1972.28,0.2,sell
2026-02-22 05:42:57.342021465,1972.29,0.15304231,buy
2026-02-22 05:42:57.342021465,1972.46,3.0,buy
2026-02-22 05:42:57.342021465,1972.63,0.16487733,buy
2026-02-22 05:42:57.342021465,1972.78,1.18224312,buy
2026-02-22 05:43:09.077679873,1972.6,0.0010138,buy
2026-02-22 05:43:14.448530674,1972.81,0.02911112,buy
2026-02-22 05:43:14.448530674,1972.83,0.02709096,buy
2026-02-22 05:43:29.952313662,1972.85,0.00089766,buy
2026-02-22 05:44:33.663282394,1973.02,0.00465588,buy
2026-02-22 05:44:43.968443155,1973.03,0.01872452,buy
2026-02-22 05:45:19.257338285,1972.88,0.02534366,buy
2026-02-22 05:46:05.554665804,1972.88,0.1745469,buy
2026-02-22 05:47:07.293493509,1972.87,0.46423293,sell
2026-02-22 05:47:07.293493509,1972.87,0.45790614,sell
2026-02-22 05:47:09.671530247,1972.3,0.00104694,buy
2026-02-22 05:47:13.234862328,1972.29,0.0010138,sell
2026-02-22 05:47:36.887150049,1972.37,0.06168185,sell
2026-02-22 05:47:47.728499889,1972.29,0.01174737,buy
2026-02-22 05:48:01.163348198,1972.29,0.03698869,buy
2026-02-22 05:48:10.262618065,1972.29,0.00504997,buy
2026-02-22 05:48:12.121962786,1972.28,0.04082216,sell
2026-02-22 05:48:12.161406040,1972.28,0.46112482,sell
2026-02-22 05:48:12.161406040,1972.28,0.001,sell
2026-02-22 05:48:20.608959913,1971.76,0.00685827,buy
2026-02-22 05:48:21.101987123,1971.75,0.25038153,sell
2026-02-22 05:49:00.051118374,1971.78,0.02685711,sell
2026-02-22 05:49:35.077753067,1972.38,0.00237803,buy
2026-02-22 05:51:06.842466831,1972.37,0.39626453,sell
2026-02-22 05:51:06.842466831,1972.37,0.12802145,sell
2026-02-22 05:51:06.842466831,1972.12,0.047702,sell
2026-02-22 05:51:09.521068573,1972.37,0.00077384,buy
2026-02-22 05:51:35.535003185,1972.37,0.04736974,buy
2026-02-22 05:51:39.570887089,1972.37,0.07198961,buy
2026-02-22 05:51:39.813237667,1972.37,0.02522346,buy
2026-02-22 05:51:55.853149891,1972.36,0.00154764,sell
2026-02-22 05:52:32.594454050,1972.92,0.00109241,buy
2026-02-22 05:52:42.572259426,1972.92,0.00101373,buy
2026-02-22 05:53:11.699540854,1973.08,0.00108265,buy
2026-02-22 05:53:27.688447952,1973.08,1.0,buy
2026-02-22 05:54:13.337269306,1972.55,0.04502274,sell
2026-02-22 05:54:16.943986177,1972.69,0.00101373,sell
2026-02-22 05:54:51.639372349,1972.92,0.01854304,buy
2026-02-22 05:54:58.802777052,1972.92,0.00101373,buy
2026-02-22 05:55:21.880450964,1972.62,0.00144915,sell
2026-02-22 05:55:25.935478687,1972.62,0.00101373,sell
2026-02-22 05:55:26.506018400,1972.63,0.09576664,buy
2026-02-22 05:55:49.548933029,1972.63,0.00124823,buy
2026-02-22 05:56:05.378278255,1972.62,0.01848377,sell
2026-02-22 05:56:38.198886156,1972.63,0.00503388,buy
2026-02-22 05:56:59.241823673,1972.62,0.00921145,sell
2026-02-22 05:57:12.234922886,1972.63,0.00741857,buy
2026-02-22 05:57:17.308894396,1972.63,0.02371538,buy
2026-02-22 05:57:17.308894396,1973.12,0.15017575,buy
2026-02-22 05:57:17.308894396,1973.27,0.18642353,buy
2026-02-22 05:57:30.070373058,1973.27,0.00101355,buy
2026-02-22 05:57:58.843183041,1973.27,0.00116,buy
2026-02-22 05:58:00.059844255,1973.79,0.007,sell
2026-02-22 05:58:00.059844255,1973.75,0.036295,sell
2026-02-22 05:58:31.453217506,1974.12,0.01079549,sell
2026-02-22 05:59:16.877996683,1974.24,0.00678937,sell
2026-02-22 06:00:00.236023664,1974.39,0.00401177,buy
2026-02-22 06:00:00.298052788,1974.39,0.02507354,buy
2026-02-22 06:00:07.639590740,1974.39,0.00496554,buy
2026-02-22 06:00:21.157827616,1974.39,0.02476446,buy
2026-02-22 06:00:21.157827854,1974.39,0.00502881,buy
2026-02-22 06:00:25.119803190,1974.39,0.00506486,buy
2026-02-22 06:00:31.032201052,1974.39,0.00748501,buy
2026-02-22 06:00:32.682100773,1974.38,0.00820078,sell
2026-02-22 06:00:40.990456820,1974.39,0.00945772,buy
2026-02-22 06:00:47.162918329,1974.39,0.01247501,buy
2026-02-22 06:00:59.963402748,1974.39,0.00499001,buy
2026-02-22 06:01:00.512460469,1974.38,0.49568421,sell
2026-02-22 06:01:00.512460469,1974.38,0.58187415,sell
2026-02-22 06:01:12.304871798,1973.97,0.001,sell
2026-02-22 06:01:12.304871798,1973.94,0.00039931,sell
2026-02-22 06:01:14.380734205,1974.11,0.00759732,buy
2026-02-22 06:01:38.870353937,1974.71,0.00936382,buy
2026-02-22 06:01:40.629916430,1974.57,0.00139931,sell
2026-02-22 06:01:41.377404213,1974.71,2.99063618,buy
2026-02-22 06:01:53.530478954,1974.89,0.01976017,buy
2026-02-22 06:02:43.996079206,1974.89,0.00461758,buy
2026-02-22 06:02:51.240207911,1974.89,0.01875124,buy
2026-02-22 06:03:46.940738678,1974.89,0.11845558,buy
2026-02-22 06:03:53.900982141,1974.89,0.025,buy
2026-02-22 06:04:00.272255421,1974.89,0.00049281,buy
2026-02-22 06:04:01.285241604,1974.88,0.00173895,sell
2026-02-22 06:04:17.601137638,1974.89,0.00888475,buy
2026-02-22 06:04:35.225878716,1974.89,0.35000285,buy
2026-02-22 06:04:35.318911076,1975.0,3.83640968,buy
2026-02-22 06:04:35.318911076,1975.0,0.00206,buy
2026-02-22 06:04:35.318911076,1975.0,0.03027459,buy
2026-02-22 06:04:35.318911076,1975.0,0.37218273,buy
2026-02-22 06:04:35.318911076,1975.0,0.60155874,buy
2026-02-22 06:04:35.318911076,1975.0,0.02185279,buy
2026-02-22 06:04:35.318911076,1975.0,0.36811894,buy
2026-02-22 06:04:36.103786230,1975.0,0.21608887,buy
2026-02-22 06:04:54.494088173,1975.5,0.01518987,buy
2026-02-22 06:05:04.005589485,1975.5,0.30169097,buy
2026-02-22 06:05:21.183609962,1976.09,0.00139931,buy
2026-02-22 06:05:21.183609962,1976.1,0.0221749,buy
2026-02-22 06:06:04.772071123,1976.1,0.00640233,buy
2026-02-22 06:06:08.237654448,1976.1,0.02374949,buy
2026-02-22 06:07:00.035678864,1976.09,0.09193002,sell
2026-02-22 06:07:30.252596617,1976.09,0.01518987,sell
2026-02-22 06:07:35.664195061,1976.09,0.36949236,sell
2026-02-22 06:07:35.896648884,1975.57,0.001,buy
2026-02-22 06:07:37.149374723,1975.36,0.16009919,sell
2026-02-22 06:07:39.600297689,1975.51,3.0,buy
2026-02-22 06:07:42.449501991,1975.81,0.0157488,sell
2026-02-22 06:09:08.308739662,1975.68,0.0102585,sell
2026-02-22 06:09:15.104593039,1975.69,0.02530761,buy
2026-02-22 06:09:38.873025656,1975.69,0.24107526,buy
2026-02-22 06:09:48.861030579,1975.69,0.07201029,buy
2026-02-22 06:09:54.879797697,1975.68,0.31720414,buy
2026-02-22 06:09:57.122417927,1975.68,0.02008928,buy
2026-02-22 06:10:32.889287710,1975.63,0.52021974,sell
2026-02-22 06:10:32.889287710,1975.63,0.48833159,sell
2026-02-22 06:10:47.011044741,1975.32,0.14389388,buy
2026-02-22 06:11:22.707758665,1974.77,0.00759582,buy
2026-02-22 06:11:51.133242846,1974.76,0.06820696,sell
2026-02-22 06:11:52.579573154,1974.76,3.38855473,sell
2026-02-22 06:12:00.519605160,1974.32,4.52201089,sell
2026-02-22 06:12:02.954586267,1974.32,4.4239593,sell
2026-02-22 06:12:03.809150934,1974.32,4.30657431,sell
2026-02-22 06:12:04.821253777,1974.32,3.47903729,sell
2026-02-22 06:12:17.866354227,1973.89,0.01519841,buy
2026-02-22 06:12:23.347120762,1973.88,0.00101355,sell
2026-02-22 06:12:51.623792648,1974.0,1.75,buy
2026-02-22 06:12:55.145595074,1974.0,0.00099353,buy
2026-02-22 06:13:00.106076479,1974.0,0.00101317,buy
2026-02-22 06:13:05.090879917,1974.0,0.01569285,buy
2026-02-22 06:13:13.151780128,1974.0,0.00069718,buy
2026-02-22 06:13:41.671052694,1973.99,0.00073069,sell
2026-02-22 06:13:53.169132471,1974.0,0.23160327,buy
2026-02-22 06:14:23.375243664,1975.11,0.00987326,buy
2026-02-22 06:14:23.407731295,1975.1,0.01040558,sell
2026-02-22 06:15:00.895212173,1975.1,0.00455721,sell
2026-02-22 06:15:30.815844297,1975.44,0.00389371,buy
2026-02-22 06:15:54.306140184,1975.74,0.42632786,sell
2026-02-22 06:15:54.306140184,1975.74,0.001,sell
2026-02-22 06:15:54.310302496,1975.43,0.91228477,sell
2026-02-22 06:15:54.311934233,1975.43,0.29484507,sell
2026-02-22 06:15:54.329321623,1975.43,0.79287016,sell
2026-02-22 06:15:54.329321623,1975.4,0.50622146,sell
2026-02-22 06:16:42.159469843,1974.84,0.35414959,buy
2026-02-22 06:16:47.081020594,1974.77,0.01760711,buy
2026-02-22 06:17:19.833374500,1974.61,0.03756206,sell
2026-02-22 06:17:48.567541599,1974.66,0.05064163,buy
2026-02-22 06:18:03.930394650,1974.66,0.35360739,buy
2026-02-22 06:18:11.707792997,1974.66,0.10048312,buy
2026-02-22 06:18:19.447117805,1974.66,0.3,buy
2026-02-22 06:19:05.191920042,1974.66,14.40976,buy
2026-02-22 06:19:05.196559906,1974.66,1.2662,buy
2026-02-22 06:19:06.411904097,1975.17,0.00493776,buy
2026-02-22 06:19:53.387070179,1975.16,0.00098566,sell
2026-02-22 06:20:28.744379282,1975.17,0.00164036,buy
2026-02-22 06:21:05.619815826,1975.16,0.51030738,sell
2026-02-22 06:21:05.619816065,1975.16,0.54473821,sell
2026-02-22 06:21:05.619816065,1975.16,0.001,sell
2026-02-22 06:22:17.823041201,1974.44,0.00121258,buy
2026-02-22 06:23:10.747949123,1974.47,0.02602109,sell
2026-02-22 06:23:29.567922592,1974.87,0.00063699,sell
2026-02-22 06:24:02.897840738,1974.42,0.18003835,sell
2026-02-22 06:24:18.390416145,1974.5,0.12007477,buy
2026-02-22 06:24:18.390416145,1974.5,0.00553677,buy
2026-02-22 06:24:23.084439993,1974.5,0.02281079,buy
2026-02-22 06:24:23.084439993,1974.51,0.04376224,buy
2026-02-22 06:24:26.395683765,1974.51,0.00098581,buy
2026-02-22 06:24:57.536266327,1974.45,0.5821,sell
2026-02-22 06:24:57.536266327,1974.4,0.16099441,sell
2026-02-22 06:24:57.536266327,1974.31,0.1830549,sell
2026-02-22 06:24:57.536266565,1974.27,2.53257576,sell
2026-02-22 06:24:57.536266565,1974.27,3.03642427,sell
2026-02-22 06:24:57.536266565,1974.23,3.18010141,sell
2026-02-22 06:25:05.552111387,1974.3,0.00101317,sell
2026-02-22 06:25:24.415608168,1974.72,0.47507848,buy
2026-02-22 06:25:32.151873112,1975.11,0.0010128,buy
2026-02-22 06:26:12.053813696,1974.9,0.00061679,buy
2026-02-22 06:26:46.051908016,1974.9,0.00164955,buy
2026-02-22 06:26:47.567450762,1974.9,0.00153931,buy
2026-02-22 06:26:58.542409420,1974.9,0.04928027,buy
2026-02-22 06:26:58.672314882,1974.9,0.04506557,buy
2026-02-22 06:26:59.722528934,1974.9,0.024,buy
2026-02-22 06:27:07.050924778,1974.9,0.00164702,buy
2026-02-22 06:27:10.035097122,1974.9,0.00050134,buy
2026-02-22 06:27:22.690496445,1974.9,0.10964709,buy
2026-02-22 06:27:22.690943718,1974.9,0.08223507,buy
2026-02-22 06:27:22.694788694,1974.9,0.10964703,buy
2026-02-22 06:27:22.698776484,1974.9,0.24670576,buy
2026-02-22 06:27:22.699535608,1974.9,0.02815518,buy
2026-02-22 06:27:22.699535608,1974.9,2.4096798,buy
2026-02-22 06:27:22.701775074,1974.9,0.5903202,buy
2026-02-22 06:27:22.701775074,1974.91,1.03612065,buy
2026-02-22 06:27:22.718689203,1975.11,0.91794413,buy
2026-02-22 06:27:22.742155313,1975.11,0.35812881,buy
2026-02-22 06:27:22.742155313,1975.11,0.3,buy
2026-02-22 06:27:22.742743969,1975.29,0.35867611,buy
2026-02-22 06:27:22.766180277,1975.29,0.70032389,buy
2026-02-22 06:27:22.790037155,1975.43,3.45,buy
2026-02-22 06:27:22.831618786,1975.47,0.0924822,buy
2026-02-22 06:27:22.831618786,1975.48,2.83638531,buy
2026-02-22 06:27:22.831618786,1975.5,0.28,buy
2026-02-22 06:27:22.831618786,1975.53,1.87402415,buy
2026-02-22 06:27:22.831618786,1975.55,13.76023834,buy
2026-02-22 06:27:22.915431023,1975.55,6.9,buy
2026-02-22 06:27:22.929599762,1975.55,3.45,buy
2026-02-22 06:27:22.931174755,1975.55,1.19920978,buy
2026-02-22 06:27:23.053653240,1975.83,0.1,buy
2026-02-22 06:27:23.053653240,1975.87,0.71614023,buy
2026-02-22 06:27:23.053653479,1975.88,19.172256,buy
2026-02-22 06:27:23.058390617,1975.89,5.06303347,buy
2026-02-22 06:27:23.058390617,1975.94,0.4404913,buy
2026-02-22 06:27:23.058958292,1975.94,1.07777342,buy
2026-02-22 06:27:23.058958292,1976.21,0.4572968,buy
2026-02-22 06:27:23.058958292,1976.25,3.4132262,buy
2026-02-22 06:27:23.339212656,1976.18,0.00674997,buy
2026-02-22 06:27:23.339212656,1976.39,1.0,buy
2026-02-22 06:27:23.339212656,1976.39,7.17971646,buy
2026-02-22 06:27:23.708621502,1976.45,0.57639013,buy
2026-02-22 06:27:23.962363720,1976.62,0.01035449,buy
2026-02-22 06:27:24.653739691,1976.69,0.4,buy
2026-02-22 06:27:25.340185165,1976.89,0.00681119,buy
2026-02-22 06:27:25.784720421,1976.96,0.00103949,buy
2026-02-22 06:27:25.784720421,1977.29,0.01678344,buy
2026-02-22 06:27:25.784720421,1977.3,0.01627042,buy
2026-02-22 06:27:25.784720421,1977.31,0.0179657,buy
2026-02-22 06:27:25.784720421,1977.46,0.38213622,buy
2026-02-22 06:27:32.568268061,1976.99,0.00120266,buy
2026-02-22 06:27:48.991347790,1977.0,0.00082255,buy
2026-02-22 06:27:53.924701929,1977.0,0.00489834,buy
2026-02-22 06:28:01.086456776,1977.0,0.0060698,buy
2026-02-22 06:28:25.361317873,1976.99,0.02119605,sell
2026-02-22 06:28:45.673773527,1977.0,0.13206867,buy
2026-02-22 06:29:17.732041121,1976.99,1.8528281,sell
2026-02-22 06:29:17.732041121,1976.99,0.47516745,sell
2026-02-22 06:29:17.732041121,1976.99,0.001,sell
2026-02-22 06:30:00.546819687,1976.84,1.87402415,sell
2026-02-22 06:30:15.506676912,1976.73,0.00758786,buy
2026-02-22 06:30:20.960076332,1976.72,0.08827477,sell
2026-02-22 06:30:22.830729723,1976.72,0.66858834,sell
2026-02-22 06:30:22.830729723,1976.72,0.55338525,sell
2026-02-22 06:30:22.830729723,1976.72,0.01011777,sell
2026-02-22 06:30:33.585868120,1976.52,0.09466366,buy
2026-02-22 06:30:40.084806919,1976.52,0.02493651,buy
2026-02-22 06:30:48.056996346,1976.52,0.00098713,buy
2026-02-22 06:30:56.365666151,1976.51,0.03,sell
2026-02-22 06:31:22.270277977,1976.33,0.19180103,buy
2026-02-22 06:31:54.613136768,1975.83,0.25660102,buy
2026-02-22 06:32:22.142531633,1975.83,0.04513987,buy
2026-02-22 06:33:00.683436155,1977.5,1.749,sell
2026-02-22 06:33:00.688929796,1977.44,0.50566343,sell
2026-02-22 06:33:13.948065758,1977.13,0.00143406,sell
2026-02-22 06:33:52.045067310,1977.51,0.00120562,buy
2026-02-22 06:33:52.045067310,1977.51,0.41069621,buy
2026-02-22 06:33:59.337221384,1977.79,0.01290199,buy
2026-02-22 06:34:05.409641981,1978.39,0.02115313,buy
2026-02-22 06:34:10.443267584,1978.52,0.00668933,buy
2026-02-22 06:34:10.443267584,1978.55,0.00679542,buy
2026-02-22 06:34:10.443267584,1978.64,0.47844859,buy
2026-02-22 06:34:27.304125071,1977.89,0.00093665,buy
2026-02-22 06:34:51.429176807,1977.82,1.19657089,sell
2026-02-22 06:35:11.556874275,1977.65,1.16701098,sell
2026-02-22 06:35:17.570256233,1977.4,0.00303429,sell
2026-02-22 06:35:17.570256233,1977.29,0.00674018,sell
2026-02-22 06:35:17.570256233,1977.21,1.28700174,sell
2026-02-22 06:35:26.553027868,1977.04,0.4053312,sell
2026-02-22 06:35:26.553027868,1976.93,15.2890652,sell
2026-02-22 06:35:26.553448915,1976.93,4.81171713,sell
2026-02-22 06:35:32.162843466,1976.74,0.00062111,buy
2026-02-22 06:36:11.078897715,1976.72,3.0335583,buy
2026-02-22 06:36:11.078897715,1976.74,1.8570417,buy
2026-02-22 06:36:13.363197565,1976.73,0.00239701,buy
2026-02-22 06:37:17.065093994,1976.74,0.25853502,buy
2026-02-22 06:38:42.044096947,1977.25,3.0335583,buy
2026-02-22 06:38:42.044096947,1977.26,0.02393125,buy
2026-02-22 06:38:42.044096947,1977.27,0.24950939,buy
2026-02-22 06:38:42.044096947,1977.35,1.58240106,buy
2026-02-22 06:38:59.755873442,1977.32,1.7394,sell
2026-02-22 06:38:59.756134033,1977.32,22.08062,sell
2026-02-22 06:38:59.757906199,1977.32,1.23601493,sell
2026-02-22 06:38:59.758438110,1977.32,3.67693157,sell
2026-02-22 06:38:59.759005070,1977.16,2.0,sell
2026-02-22 06:38:59.759005070,1977.1,0.65100659,sell
2026-02-22 06:38:59.760846615,1976.96,0.5821,sell
2026-02-22 06:38:59.760846615,1976.9,0.6945,sell
2026-02-22 06:38:59.760846615,1976.81,0.36,sell
2026-02-22 06:38:59.760846615,1976.77,23.48188,sell
2026-02-22 06:38:59.762035608,1976.94,1.29846,sell
2026-02-22 06:38:59.847443342,1976.77,0.75871038,sell
2026-02-22 06:38:59.847443342,1976.75,0.73537792,sell
2026-02-22 06:38:59.855732203,1976.75,0.78204285,sell
2026-02-22 06:38:59.865045547,1976.75,0.36,sell
2026-02-22 06:39:00.083924770,1976.31,0.37957516,sell
2026-02-22 06:39:00.120953321,1976.11,0.75919055,sell
2026-02-22 06:39:05.196147203,1976.05,0.02536946,sell
2026-02-22 06:39:10.666623354,1976.3,0.001,sell
2026-02-22 06:39:10.666623354,1976.3,0.00011226,sell
2026-02-22 06:39:12.005737305,1976.31,0.02517432,buy
2026-02-22 06:39:50.870973110,1976.09,3.16615036,sell
2026-02-22 06:39:55.702916384,1976.25,0.0019565,sell
2026-02-22 06:39:57.113532543,1976.26,3.0,buy
2026-02-22 06:39:57.113532543,1976.26,0.44832654,buy
2026-02-22 06:39:57.113532543,1976.26,1.44427346,buy
2026-02-22 06:40:22.784252167,1976.25,0.00053888,sell
2026-02-22 06:40:28.744282484,1976.25,0.05064163,sell
2026-02-22 06:40:53.587039232,1976.29,0.047,sell
2026-02-22 06:41:11.684155226,1976.3,0.01011777,buy
2026-02-22 06:41:11.684155226,1976.3,0.44661634,buy
2026-02-22 06:41:11.684155226,1976.3,3.03518867,buy
2026-02-22 06:41:11.684155226,1976.31,0.00303429,buy
2026-02-22 06:41:11.684155226,1976.5,0.5821,buy
2026-02-22 06:41:11.684155226,1976.69,0.81504293,buy
2026-02-22 06:41:45.871405125,1976.37,0.001,sell
2026-02-22 06:41:45.907618046,1976.29,0.89411973,sell
2026-02-22 06:41:45.907618046,1976.29,0.48386367,sell
2026-02-22 06:41:59.773371220,1975.79,0.00498647,buy
2026-02-22 06:42:19.385986805,1975.79,0.001,buy
2026-02-22 06:42:30.236219406,1975.79,2.999,buy
2026-02-22 06:42:30.236219406,1975.79,1.895,buy
2026-02-22 06:43:38.293258429,1975.79,0.06544723,buy
2026-02-22 06:43:44.292932987,1975.79,0.01252789,buy
2026-02-22 06:43:46.351943493,1975.79,2.92202488,buy
2026-02-22 06:43:46.351943493,1975.79,0.7344045,buy
2026-02-22 06:43:46.351943493,1975.79,1.23697062,buy
2026-02-22 06:44:44.735368967,1975.79,0.01625516,buy
2026-02-22 06:44:48.357648849,1975.79,0.09851614,buy
2026-02-22 06:45:04.260562181,1975.79,3.0,buy
2026-02-22 06:45:04.260562181,1976.25,1.70074973,buy
2026-02-22 06:45:13.888637543,1976.38,0.16319889,buy
2026-02-22 06:46:12.338781834,1976.37,0.83438025,sell
2026-02-22 06:46:12.338781834,1976.37,0.001,sell
2026-02-22 06:46:12.338781834,1976.37,0.10313352,sell
2026-02-22 06:47:02.060413122,1975.79,3.03592736,buy
2026-02-22 06:47:02.060413122,1975.79,1.27607294,buy
2026-02-22 06:47:02.060413122,1975.79,0.5817997,buy
2026-02-22 06:47:28.558183432,1975.79,0.00083693,buy
2026-02-22 06:47:39.911649227,1975.78,1.0,sell
2026-02-22 06:48:44.567616701,1975.38,0.10403062,sell
2026-02-22 06:48:46.612588406,1975.38,0.0010128,sell
2026-02-22 06:48:56.764018536,1975.39,0.0238164,buy
2026-02-22 06:49:10.003645182,1975.38,0.43823939,sell
2026-02-22 06:49:18.384693861,1975.07,0.01938866,sell
2026-02-22 06:49:22.671095848,1975.08,0.00987958,buy
2026-02-22 06:49:39.232884169,1975.11,0.01391555,buy
2026-02-22 06:51:15.030925512,1975.12,0.00498816,buy
2026-02-22 06:51:49.227719784,1975.11,0.01222817,sell
2026-02-22 06:52:37.049498796,1975.12,0.11840162,buy
2026-02-22 06:53:00.169822931,1975.56,0.00606661,sell
2026-02-22 06:54:01.548770666,1975.32,0.12317385,buy
2026-02-22 06:54:45.028446913,1975.31,0.01562973,sell
2026-02-22 06:54:50.048866272,1975.32,0.02587213,buy
2026-02-22 06:54:50.048866272,1975.32,0.25514887,buy
2026-02-22 06:54:55.213787556,1975.31,0.56365589,sell
2026-02-22 06:54:55.213787556,1975.31,0.16384884,sell
2026-02-22 06:55:15.483748913,1975.21,0.00267382,sell
2026-02-22 06:55:20.084364414,1975.21,0.001,sell
2026-02-22 06:55:25.876380682,1975.25,0.00992692,buy
2026-02-22 06:55:38.603176355,1975.25,0.00461672,buy
2026-02-22 06:55:44.006547928,1975.25,0.08049491,buy
2026-02-22 06:56:22.367600441,1975.25,0.00379879,sell
2026-02-22 06:56:32.580621958,1975.26,0.12229107,buy
2026-02-22 06:57:40.033166647,1975.57,0.08068332,buy
2026-02-22 06:58:10.762500286,1975.55,0.04729349,buy
2026-02-22 06:58:21.626187086,1975.55,0.49748221,buy
2026-02-22 06:58:54.366526127,1975.55,0.2393297,buy
2026-02-22 06:59:03.905560732,1975.54,0.00882355,sell
2026-02-22 06:59:33.984199762,1975.54,0.0152033,sell
2026-02-22 06:59:46.899779320,1975.54,0.001,sell
2026-02-22 07:00:00.106381416,1975.55,0.20330426,buy
2026-02-22 07:00:00.196949959,1975.55,0.00501176,buy
2026-02-22 07:00:00.209560871,1975.55,0.00498708,buy
2026-02-22 07:00:03.402408123,1975.55,0.00467289,buy
2026-02-22 07:00:05.984720945,1975.55,0.00496263,buy
2026-02-22 07:00:08.036309004,1975.55,0.05011764,buy
2026-02-22 07:00:18.033043623,1975.55,0.00251835,buy
2026-02-22 07:00:33.381558418,1975.55,0.01002353,buy
2026-02-22 07:00:53.032995701,1975.55,0.00199483,buy
2026-02-22 07:00:57.145781040,1975.54,0.4701287,sell
2026-02-22 07:00:57.145781040,1975.54,2.21860437,sell
2026-02-22 07:00:57.145781040,1975.54,0.01012381,sell
2026-02-22 07:00:57.145781040,1975.54,0.001,sell
2026-02-22 07:00:58.297520876,1975.15,0.00992526,buy
2026-02-22 07:01:05.037122488,1975.19,3.0,buy
2026-02-22 07:01:05.037122488,1975.19,1.72960063,buy
2026-02-22 07:01:05.037122488,1975.19,0.16519937,buy
2026-02-22 07:01:19.239328623,1975.78,0.09582134,buy
2026-02-22 07:01:55.298939466,1976.05,0.2970297,sell
2026-02-22 07:02:05.354605436,1976.06,0.00101212,buy
2026-02-22 07:02:24.997970343,1976.11,0.03410322,buy
2026-02-22 07:02:24.997970343,1976.45,0.7344045,buy
2026-02-22 07:02:24.997970343,1976.45,0.012,buy
2026-02-22 07:02:24.997970343,1976.46,1.87402415,buy
2026-02-22 07:02:24.997970343,1976.47,2.23876813,buy
2026-02-22 07:02:32.447345018,1976.37,0.05201487,buy
2026-02-22 07:02:57.032215357,1976.33,0.00248034,buy
2026-02-22 07:02:58.941061020,1976.32,0.00492464,buy
2026-02-22 07:03:03.159023762,1976.2,0.0020929,buy
2026-02-22 07:03:23.902264357,1976.03,0.01265055,buy
2026-02-22 07:03:46.703381300,1975.53,0.04941379,sell
2026-02-22 07:03:53.035132170,1975.65,0.00049624,buy
2026-02-22 07:03:59.318654537,1975.51,0.00123614,sell
2026-02-22 07:04:06.521677017,1975.65,0.00506163,buy
2026-02-22 07:04:19.380096674,1975.92,0.05,sell
2026-02-22 07:04:30.682841539,1975.62,0.00075624,buy
2026-02-22 07:05:43.542852879,1975.72,0.02357819,buy
2026-02-22 07:05:47.797477484,1975.72,0.2304194,buy
2026-02-22 07:05:53.605974674,1975.71,0.05676418,sell
2026-02-22 07:05:53.606110096,1975.71,0.05676418,sell
2026-02-22 07:05:55.826079369,1975.71,0.04844309,sell
2026-02-22 07:05:55.826300144,1975.71,0.04844309,sell
2026-02-22 07:05:56.069041014,1975.71,0.58249302,sell
2026-02-22 07:05:56.069041014,1975.71,0.001,sell
2026-02-22 07:06:41.031255245,1975.21,0.19853933,buy
2026-02-22 07:06:53.229738235,1975.17,0.00106757,sell
2026-02-22 07:07:10.048098326,1975.18,0.02005081,buy
2026-02-22 07:07:54.075377226,1975.18,0.00253141,buy
2026-02-22 07:08:20.556188345,1975.18,0.00411551,buy
2026-02-22 07:09:06.317121029,1975.18,0.31120201,buy
2026-02-22 07:09:08.781217337,1975.17,0.001,sell
2026-02-22 07:09:37.852160454,1975.37,0.00948764,sell
2026-02-22 07:10:21.034613609,1975.38,0.00411,buy
2026-02-22 07:10:34.184139967,1975.38,0.03746838,buy
2026-02-22 07:10:46.101315975,1975.38,1.28757651,buy
2026-02-22 07:10:46.101891518,1975.38,0.08223526,buy
2026-02-22 07:10:46.102678537,1975.38,0.10964706,buy
2026-02-22 07:10:46.103551149,1975.38,1.47896279,buy
2026-02-22 07:10:46.103551149,1975.38,0.01012381,buy
2026-02-22 07:10:57.419626236,1976.45,0.00097731,sell
2026-02-22 07:10:58.511773586,1976.5,0.001,sell
2026-02-22 07:10:58.721827269,1976.5,0.01004026,sell
2026-02-22 07:11:08.179735899,1976.59,0.0005729,buy
2026-02-22 07:11:19.056899309,1976.58,0.00116261,buy
2026-02-22 07:11:31.718739510,1976.48,0.00049241,buy
2026-02-22 07:11:48.034470081,1976.48,0.00049603,buy
2026-02-22 07:12:18.459182739,1976.48,0.00961305,buy
2026-02-22 07:12:42.907251358,1976.48,0.0129836,buy
2026-02-22 07:13:26.928954601,1976.47,0.00294302,sell
